
%
% Database for FPGAs : Last version on December 18, 1992



%Some definitions
@string{iscas = "International Symposium On Circuits and Systems"}
.nf

%Bibliography organization:


%for DAC93 ---
@techreport{
Kuznar93a,
author = "R. Kuznar and F. Brglez and K. Kozminski",
title = "{Partitioning Digital Circuits for Implementations in Multiple
FPGA ICs}",
institution = "MCNC",
address = "Research Triangle Park, NC",
number = "",
month = "February",
year = "1993" }


@book{
Xil91a,
title = "{User Guide and Tutorials}",
publisher = "Xilinx, Inc.",
address = "2100 Logic Drive, San Jose, California",
year = "1991"}

@inproceedings{
iscas89,
author = "{F. Brglez, D. Bryan, and K. Kozminski}",
title = "{Combinational Profiles of Sequential Benchmark Circuits}",
booktitle = "IEEE 1989 International Symposium on Circuits and Systems
Proceedings",
month = "May",
year = "1989" }

@inproceedings{
iscas85,
author = "F. Brglez and H. Fujiwara",
title = "{A Neutral Netlist of 10 Combinational Benchmark Circuits and
A Target Translator in FORTRAN}",
booktitle = "IEEE 1985 International Symposium On Circuits and Systems",
pages = "663--698",
month = Jun,
year = 1985}

